@article{Einstein1916,
    author = {Einstein, Albert},
    title = {{Die Grundlage der allgemeinen Relativitätstheorie}},
    journal = {Annalen der Physik},
    volume = {354},
    number = {7},
    pages = {769--822},
    year = {1916},
    doi = {10.1002/andp.19163540702}
}

@article{Planck1900,
    author = {Planck, Max},
    title = {{Zur Theorie des Gesetzes der Energieverteilung im Normalspectrum}},
    journal = {Verhandlungen der Deutschen Physikalischen Gesellschaft},
    volume = {2},
    pages = {237--245},
    year = {1900}
}

@book{PeskinSchroeder1995,
    author    = "Peskin, Michael E. and Schroeder, Daniel V.",
    title     = "{An Introduction to Quantum Field Theory}",
    publisher = "Addison-Wesley",
    year      = "1995",
    address   = "Reading, USA",
    isbn      = "978-0-201-50397-5, 978-0-429-50355-9",
    doi       = "10.1201/9780429503559",
    note      = "842 p"
}

@book{WeinbergQFT1,
    author    = "Weinberg, Steven",
    title     = "{The Quantum Theory of Fields, Vol. 1: Foundations}",
    publisher = "Cambridge University Press",
    year      = "1995",
    isbn      = "978-0-521-55001-7",
    doi       = "10.1017/CBO9781139644167",
    url       = "https://inspirehep.net/literature/406190"
}

@article{tHooft1974,
    author  = "'t Hooft, Gerard and Veltman, Martinus",
    title   = "{One-Loop Divergencies in the Theory of Gravitation}",
    journal = "Ann. Inst. H. Poincar{\'e} A",
    volume  = "20",
    pages   = "69--94",
    year    = "1974",
    url     = "http://www.numdam.org/item/AIHPA_1974__20_1_69_0/"
}

@incollection{Weinberg1979,
    author    = "Weinberg, Steven",
    title     = "{Ultraviolet divergences in quantum theories of gravitation}",
    booktitle = "{General Relativity: An Einstein Centenary Survey}",
    editor    = "Hawking, Stephen W. and Israel, Werner",
    publisher = "Cambridge University Press",
    year      = "1979",
    address   = "Cambridge, UK",
    pages     = "790--831",
    isbn      = "978-0-521-22285-3",
    url       = "https://inspirehep.net/literature/141503"
}

@article{Planck:2018vyg,
    author        = "Aghanim, N. and others",
    collaboration = "Planck",
    title         = "{{{Planck} 2018 results. {VI}. Cosmological parameters}}",
    eprint        = "1807.06209",
    archivePrefix = "arXiv",
    primaryClass  = "astro-ph.CO",
    doi           = "10.1051/0004-6361/201833910",
    journal       = "Astron. Astrophys.",
    volume        = "641",
    pages         = "A6",
    year          = "2020",
    note          = "[Erratum: Astron.Astrophys. 652, C4 (2021)]"
}

@article{Abdalla:2022,
    author        = "Abdalla, Elcio and Abell{\'a}n, Guillermo Franco and Aboubrahim, Amin and Agnello, Adriano and Akarsu, {\"O}zg{\"u}r and Akrami, Yashar and Alestas, George and Aloni, Daniel and Amendola, Luca and Anchordoqui, Luis A. and Arendse, Nils and Asgari, Marika and Ballardini, Mario and Basilakos, Spyros and Battistelli, Elia S. and Ben-Dayan, Ido and Benisty, David and Birrer, Simon and Blanco-Pillado, Jose J. and Blinov, Nikita and Boddy, Kimberly K. and Bonilla, Alexander and Braglia, Marco and Bucher, Martin and Buckley, Matthew R. and Burgers, Stefanie and Calcinardi, Stefano and Calderon, Raul and Camera, Stefano and Capozziello, Salvatore and Casalino, Andrea and Casas, Scarlett and Cassel, Sebastian and Castaneda-Vazquez, Daniel F. and Clark, H. Alyson and Colg{\'a}in, Eoin {\'O}. and Colin, Jeanne and Conlon, Joseph P. and Corasaniti, Pier Stefano and Croker, Kevin S. and D'Agostino, Rafael and Dainotti, Maria Giovanna and Daniel, Scott F. and Davis, Anne-Christine and de Cruz P{\'e}rez, {\'O}scar and Del Popolo, Antonino and Desai, Shantanu and Dhani, Arjun and Di Clemente, Arianna and Di Valentino, Eleonora and D{\'\i}az, Mariam Tortola and Dimastrogiovanni, Emanuela and Dor{\'e}, Olivier and Du, Ming-Xin and Escamilla, Luis A. and Eskilt, Jostein R. and Finelli, Fabio and Fishbach, Maya and Frusciante, Noemi and Garc{\'\i}a-Bellido, Juan and Garc{\'\i}a-Garc{\'\i}a, C{\'e}sar and Germain, Gabriel and Glanville, Amber and Gogoi, Debapriya and Goldstein, Gregory R. and Gonzalez, Jos{\'e} Javier and Gordon, Chris and Gorjian, Varoujan and Goswami, Gourav and Govender, K. and Graef, Leila L. and Granda, Luis Nelson and Grassi, Silvia and Graziani, Riccardo and Green, Gregory R. and Gualtieri, Leonardo and Guendelman, Eduardo I. and Guo, Zhao-Li and Gupta, Pankaj and Halpern, Paul and Handley, Will and Hazra, Dhiraj Kumar and Hee, Siew Phung and Heisenberg, Lavinia and Hendry, Martin and Hojjati, Alireza and Holz, Daniel E. and Hooper, Dan and Huterer, Dragan and Ishak, Mustapha and Ivanov, Mikhail M. and Jain, Bhooshan and J{\'a}quez, Daniel Mart{\'\i}n and Jedamzik, Karsten and Jenkins, Alejandro and Jimenez, Raul and Joseph, Amal and Kamdar, Harsh and Kamionkowski, Marc and Karwal, Tanvi and Kazantzidis, Lavrentios and Keeley, Ryan E. and Krishnan, Chethan and Kuroyanagi, Sachiko and Łukaszewski, Mariusz and Levi Said, Jackson and Linder, Eric V. and Lin, Wei-Ting and Lizardo, Tomas R. and Lu, Jun-Qing and Lucca, Matteo and Maartens, Roy and Magueijo, Jo{\~a}o and Maleknejad, Azadeh and Malik, Karim A. and Malvimat, Vinutha and Marfatia, Danny and Martinelli, Mario and Martins, C. J. A. P. and Mart{\'\i}nez-Mirav{\'e}, Pau and Mazumdar, Anupam and Mazurenko, Maksym and Mehrabi, Ahmad and Melchiorri, Alessandro and Mena, Olga and Miller, Lindsay and Miranda, Vivian and Mischler, Thomas and Mohanty, Subhendra and Molaro, Paolo and Montanari, Francesco and Moraes, P. H. R. S. and M{\"o}rtsell, Edvard and Mota, David F. and Mukherjee, Suvodip and Muir, Jessica and Murai, Kai and Myrzakulov, Ratbay and Nakamura, Kouji and Nan, Hong-Li and Nunes, Rafael C. and Oikonomou, V. K. and {\"O}kc{\"u}, Z. Gedik and Ozulker, H. Deniz and Pan, Supriya and Pandey, Kanhaiya L. and Peacock, John A. and Pettorino, Valeria and Piga, Leonardo and Pogosian, Levon and Pospelov, Maxim and Pourhassan, Behnam and Poulin, Vivian and Raatikainen, Suvi-Leena and Rafiei Karkevandi, Daryoush and Rashkovetskyi, Roman and Rattanasoon, Nandan and Ravanpak, Ana and Reid, Miles J. and Reischke, Robert and Renzi, Francesco and Riess, Adam G. and Rigault, Mickael and Romano, Antonio E. and Ruchika, R. and Rumsey, Christopher J. and Sakr, Zeinab and Sakstein, Jeremy and Sales de Lima, Tiago and Salzano, Vincenzo and Saridakis, Emmanuel N. and Sarkar, Debottam and Schmidt, Fabian and Schneider, Aurel and Sch{\"o}neberg, Nils and Schutz, Kaze W. and Sen, Anjan A. and Sharma, Shreya and Sheppard, Conor J. and Shirokov, Alexander V. and Singh, Tejinder P. and Slagter, Reinoud Jan and Slosar, Anze and Sloth, Martin S. and Smith, Tristan L. and Sol{\`a} Peracaula, Joan and Solomon, Adam R. and Spolyar, Douglas and Steinwachs, Christian F. and Tamfal, Tomislav and Tamanini, Nicola and Tent, Benno van de and Thomas, Daniel B. and Toms, David J. and Tully, R. Brent and Vagnozzi, Sunny and Valcin, David and Vernieri, Daniele and Verde, Licia and Vetrugno, Daniele and Vikram, Vinu and Visinelli, Luca and Wang, Deng and Wang, Shao-Jiang and Wang, Xin-Min and Watanabe, Yuki and Wechsler, Risa H. and Weiler, Thomas J. and Westbrook, Nathan and Wetterich, Christof and White, Martin and Whitt, Brandon and Wolf, Martin J. and Wojtak, Radosław and Yang, Weiqiang and Yeung, Sherman and Yıldırım, Ay{\c c}a and Zumalac{\'a}rregui, Miguel",
    title         = "{Cosmology intertwined: A review of the particle physics, astrophysics, and cosmology associated with the cosmological tensions and anomalies}",
    journal       = "J. High Energy Astrophys.",
    volume        = "38",
    pages         = "47--115",
    year          = "2023",
    month         = "jun",
    doi           = "10.1016/j.jheap.2023.03.001",
    url           = "https://doi.org/10.1016/j.jheap.2023.03.001",
    eprint        = "2203.06142",
    archivePrefix = "arXiv",
    primaryClass  = "astro-ph.CO"
}

@misc{Capdevila2023_BAnomaliesReview,
    author        = "Capdevila, Bernat and Crivellin, Andreas and Matias, Joaquim",
    title         = "{Explaining the {B}-meson anomalies}",
    year          = "2023",
    eprint        = "2309.01311",
    archivePrefix = "arXiv",
    primaryClass  = "hep-ph",
    note          = "arXiv:2309.01311 [hep-ph]"
}

@article{Banados:2017unc,
    author        = "Ba{\~n}ados, Eduardo and others",
    collaboration = "Carnegie-Spitzer-IMACS",
    title         = "{An 800-million-solar-mass black hole in a significantly neutral Universe at redshift 7.5}",
    eprint        = "1712.01860",
    archivePrefix = "arXiv",
    primaryClass  = "astro-ph.GA",
    doi           = "10.1038/nature25180",
    journal       = "Nature",
    volume        = "553",
    number        = "7689",
    pages         = "473--476",
    year          = "2018"
}

@article{Volonteri:2010wz,
    author        = "Volonteri, Marta",
    title         = "{Formation of {Supermassive} {Black} {Holes}}",
    eprint        = "1003.4404",
    archivePrefix = "arXiv",
    primaryClass  = "astro-ph.CO",
    doi           = "10.1007/s00159-012-0058-z",
    journal       = "Astron. Astrophys. Rev.",
    volume        = "20",
    number        = "1",
    pages         = "56",
    year          = "2012"
}

@article{Labbe:2023,
    author        = "Labb{\'e}, Ivo and van Dokkum, Pieter and Nelson, Erica J. and Bezanson, Rachel and Suess, Katherine A. and Leja, Joel and Brammer, Gabriel and Wang, Bingjie and Whitaker, Katherine E. and Mathews, Elijah and Stefanon, Mauro and Price, Sedona H.",
    title         = "{A population of red candidate massive galaxies \textasciitilde{}600 Myr after the Big Bang}",
    journal       = "Nature",
    volume        = "616",
    number        = "7956",
    pages         = "266--269",
    year          = "2023",
    month         = "apr",
    doi           = "10.1038/s41586-023-05786-2",
    url           = "https://doi.org/10.1038/s41586-023-05786-2",
    eprint        = "2207.12446",
    archivePrefix = "arXiv",
    primaryClass  = "astro-ph.GA"
}

@book{Connes1994,
    author    = "Connes, Alain",
    title     = "{Noncommutative Geometry}",
    publisher = "Academic Press",
    year      = "1994",
    isbn      = "978-0121858605",
    note      = "661 p",
    url       = "https://www.amazon.com/Noncommutative-Geometry-Alain-Connes/dp/012185860X"
}

@book{Madore1995,
    author    = "Madore, John",
    title     = "{An Introduction to Noncommutative Differential Geometry and its Physical Applications}",
    publisher = "Cambridge University Press",
    year      = "1995",
    series    = "London Mathematical Society Lecture Note Series",
    volume    = "206",
    isbn      = "978-0-521-46791-1",
    doi       = "10.1017/CBO9780511569302",
    note      = "299 p. (First Edition)"
}

@book{GraciaBondia2001NCG,
    author    = "Gracia-Bondia, Jose M. and Varilly, Joseph C. and Figueroa-O'Farrill, Hector",
    title     = "{Elements of Noncommutative Geometry}",
    publisher = {Birkh{\"a}user},
    year      = "2001",
    address   = "Boston",
    isbn      = "978-0-8176-4124-5",
    doi       = "10.1007/978-1-4612-0005-5",
    note      = "685 p"
}

@article{PDG2022,
    author        = "R.L. Workman and others",
    collaboration = "Particle Data Group",
    title         = "{Review of Particle Physics}",
    doi           = "10.1093/ptep/ptac097",
    journal       = "PTEP",
    volume        = "2022",
    pages         = "083C01",
    year          = "2022"
}

@article{Marsh:2022,
    author        = "Marsh, David J. E.",
    title         = "{Axion cosmology}",
    journal       = "Phys. Rept.",
    volume        = "973",
    pages         = "1--107",
    year          = "2022",
    month         = "sep",
    doi           = "10.1016/j.physrep.2022.04.003",
    url           = "https://doi.org/10.1016/j.physrep.2022.04.003",
    eprint        = "1510.07633",
    archivePrefix = "arXiv",
    primaryClass  = "astro-ph.CO"
}

@article{LHAASO_GRB221009A_LIV,
    author        = "{LHAASO Collaboration}",
    collaboration = "LHAASO",
    title         = "{Constraints on the violation of {Lorentz} invariance from {LHAASO} observations of {GRB} 221009A}",
    journal       = "Sci. Bull.",
    volume        = "69",
    number        = "3",
    pages         = "283--290",
    year          = "2024",
    doi           = "10.1016/j.scib.2023.11.022",
    eprint        = "2311.00877",
    archivePrefix = "arXiv",
    primaryClass  = "astro-ph.HE"
}

@article{KosteleckyDataTables,
    author        = "Kostelecký, V. Alan and Russell, Neil",
    title         = "{Data tables for {Lorentz} and {CPT} violation}",
    journal       = "Rev. Mod. Phys.",
    volume        = "83",
    pages         = "11--31",
    year          = "2011",
    doi           = "10.1103/RevModPhys.83.11",
    eprint        = "0801.0287",
    archivePrefix = "arXiv",
    primaryClass  = "hep-ph",
    note          = "{Updates available on arXiv}"
}

@article{ConnesChamseddine1997,
    author        = "Chamseddine, Ali H. and Connes, Alain",
    title         = "{The Spectral action principle}",
    journal       = "Commun. Math. Phys.",
    volume        = "186",
    year          = "1997",
    number        = "3",
    pages         = "731--779",
    doi           = "10.1007/s002200050126",
    eprint        = "hep-th/9606001",
    archivePrefix = "arXiv"
}

@article{Vassilevich2003HeatKernel,
    author        = "Vassilevich, Dmitri V.",
    title         = "{Heat kernel expansion: User's manual}",
    journal       = "Phys. Rept.",
    volume        = "388",
    year          = "2003",
    pages         = "279--360",
    doi           = "10.1016/j.physrep.2003.09.002",
    eprint        = "hep-th/0306138",
    archivePrefix = "arXiv"
}

@article{Kontsevich2003Deformation,
    author        = "Kontsevich, Maxim",
    title         = "{Deformation quantization of {Poisson} manifolds}",
    journal       = "Lett. Math. Phys.",
    volume        = "66",
    pages         = "157--216",
    year          = "2003",
    doi           = "10.1023/B:MATH.0000027508.00421.bf",
    eprint        = "q-alg/9709040",
    archivePrefix = "arXiv",
    primaryClass  = "q-alg"
}

@book{Waldmann2007Poisson,
    author    = "Waldmann, Stefan",
    title     = "{Poisson-Geometrie und Deformationsquantisierung}",
    publisher = "Springer",
    year      = "2007",
    doi       = "10.1007/978-3-540-72518-3",
    isbn      = "978-3-540-72517-6"
}

@book{Vaisman1994Poisson,
    author    = "Vaisman, Izu",
    title     = "{Lectures on the Geometry of Poisson Manifolds}",
    publisher = "Birkh{\"a}user",
    year      = "1994",
    series    = "Progress in Mathematics",
    volume    = "118",
    doi       = "10.1007/978-3-0348-8495-2",
    isbn      = "978-3-0348-9462-3"
}

@article{DuboisViolette2001Derivations,
    author        = "Dubois-Violette, Michel",
    title         = "{Lectures on graded differential algebras and noncommutative geometry}",
    eprint        = "math/0102150",
    archivePrefix = "arXiv",
    primaryClass  = "math.QA",
    year          = "2001",
    note          = "{Related paper: Lett. Math. Phys. 57 (2001) 125-132 [arXiv:math/0102150]}"
}

@book{Gilkey1995,
    author    = {Gilkey, Peter B.},
    title     = {Invariance Theory, the Heat Equation, and the Atiyah-Singer Index Theorem},
    edition   = {Second},
    publisher = {CRC Press},
    year      = {1995},
    address   = {Boca Raton, FL},
    isbn      = {9780849378744},
    doi       = {10.1201/9780203749798},
    url       = {https://www.routledge.com/Invariance-Theory-the-Heat-Equation-and-the-Atiyah-Singer-Index-Theorem/Gilkey/p/book/9780849378744}
}

@article{SeibergWitten1999,
    author        = "Seiberg, Nathan and Witten, Edward",
    title         = "{String theory and noncommutative geometry}",
    journal       = "JHEP",
    volume        = "09",
    pages         = "032",
    year          = "1999",
    doi           = "10.1088/1126-6708/1999/09/032",
    eprint        = "hep-th/9908142",
    archivePrefix = "arXiv",
    primaryClass  = "hep-th"
}

@article{Minwalla:1999px,
    author        = "Minwalla, Shiraz and Van Raamsdonk, Mark and Seiberg, Nathan",
    title         = "{Noncommutative perturbative dynamics}",
    eprint        = "hep-th/9912072",
    archivePrefix = "arXiv",
    primaryClass  = "hep-th",
    doi           = "10.1088/1126-6708/2000/02/020",
    journal       = "JHEP",
    volume        = "02",
    pages         = "020",
    year          = "2000"
}

@article{Hayakawa:1999yt,
    author        = "Hayakawa, Masashi",
    title         = "{Perturbative analysis on infrared aspects of noncommutative QED on $\mathbb{R}^4$}",
    eprint        = "hep-th/9912094",
    archivePrefix = "arXiv",
    primaryClass  = "hep-th",
    doi           = "10.1016/S0370-2693(00)00381-7",
    journal       = "Phys. Lett. B",
    volume        = "478",
    pages         = "394--400",
    year          = "2000"
}

@article{SomeNCQFTReview,
    author        = "Szabo, Richard J.",
    title         = "{Quantum field theory on noncommutative spaces}",
    journal       = "Phys. Rept.",
    volume        = "378",
    year          = "2003",
    pages         = "207-299",
    doi           = "10.1016/S0370-1573(03)00059-0",
    eprint        = "hep-th/0108152",
    archivePrefix = "arXiv"
}

@article{GrosseWulkenhaar2005,
    author        = "Grosse, Harald and Wulkenhaar, Raimar",
    title         = "{Renormalization of $\phi^4$-Theory on Noncommutative $\mathbb{R}^4$ in the Matrix Base}",
    journal       = "Commun. Math. Phys.",
    volume        = "256",
    pages         = "305--374",
    year          = "2005",
    doi           = "10.1007/s00220-005-1288-7",
    eprint        = "hep-th/0401128",
    archivePrefix = "arXiv",
    primaryClass  = "hep-th"
}

@inproceedings{Rivasseau:2010,
    author        = "Rivasseau, Vincent",
    title         = "{An Introduction to Noncommutative Renormalization}",
    booktitle     = "{Proceedings of Science: Correlations and Connectivity: Geometric Aspects of Physics and Probability}",
    series        = "PoS",
    volume        = "CNCFG2010",
    pages         = "004",
    year          = "2010",
    doi           = "10.22323/1.118.0004",
    eprint        = "1009.3578",
    archivePrefix = "arXiv",
    primaryClass  = "math-ph",
    url           = "https://pos.sissa.it/118/0004/"
}

@book{HenneauxTeitelboim1992,
    author    = "Henneaux, Marc and Teitelboim, Claudio",
    title     = "{Quantization of Gauge Systems}",
    publisher = "Princeton University Press",
    year      = "1992",
    address   = "Princeton, NJ",
    isbn      = "978-0-691-03769-1",
    doi       = "10.2307/j.ctv10crg0r"
}

@article{OstrogradskiRef,
    author        = "Woodard, R. P.",
    title         = "{The Theorem of {Ostrogradsky}}",
    journal       = "Scholarpedia",
    volume        = "10",
    number        = "8",
    pages         = "32243",
    year          = "2015",
    doi           = "10.4249/scholarpedia.32243",
    eprint        = "1506.02210",
    archivePrefix = "arXiv",
    primaryClass  = "hep-th"
}

@article{Woodard:2014wia,
    author        = "Woodard, R. P.",
    title         = "{Nonlocal Models of Cosmic Acceleration}",
    eprint        = "1401.0254",
    archivePrefix = "arXiv",
    primaryClass  = "astro-ph.CO",
    doi           = "10.1007/s10714-014-1718-8",
    journal       = "Found. Phys.",
    volume        = "44",
    pages         = "213--233",
    year          = "2014"
}

@article{Nicolini:2008aj,
    author        = "Nicolini, Piero",
    title         = "{Noncommutative Black Holes, The Final Appeal To Quantum Gravity: A Review}",
    eprint        = "0807.1939",
    archivePrefix = "arXiv",
    primaryClass  = "hep-th",
    doi           = "10.1142/S0217751X0904530X",
    journal       = "Int. J. Mod. Phys. A",
    volume        = "24",
    pages         = "1229--1308",
    year          = "2009"
}

@book{Bognar1974,
    author    = "Bogn{\'a}r, J{\'a}nos",
    title     = "{Indefinite Inner Product Spaces}",
    publisher = "Springer-Verlag",
    year      = "1974",
    series    = "Ergebnisse der Mathematik und ihrer Grenzgebiete",
    volume    = "78",
    doi       = "10.1007/978-3-642-65566-8",
    isbn      = "978-3-642-65568-2"
}

@article{Weinberg1989CosmoConst,
    author  = "Weinberg, Steven",
    title   = "{The Cosmological Constant Problem}",
    doi     = "10.1103/RevModPhys.61.1",
    journal = "Rev. Mod. Phys.",
    volume  = "61",
    pages   = "1--23",
    year    = "1989"
}

@article{GonzalezMartinez2000,
    author        = "Gonz{\'a}lez-Mart{\'\i}nez, J. and P{\'e}rez, A.",
    title         = "{Cosmological models from quintessence}",
    journal       = "Class. Quant. Grav.",
    volume        = "17",
    pages         = "2183--2192",
    year          = "2000",
    doi           = "10.1088/0264-9381/17/11/306",
    eprint        = "hep-ph/0003058",
    archivePrefix = "arXiv",
    primaryClass  = "hep-ph"
}

@article{HartleHawking1983WFU,
    author  = "Hartle, J. B. and Hawking, S. W.",
    title   = "{Wave Function of the Universe}",
    doi     = "10.1103/PhysRevD.28.2960",
    journal = "Phys. Rev. D",
    volume  = "28",
    pages   = "2960--2975",
    year    = "1983"
}

@article{ZurekDecoherenceReview,
    author        = "Zurek, Wojciech H.",
    title         = "{Decoherence, einselection, and the quantum origins of the classical}",
    doi           = "10.1103/RevModPhys.75.715",
    journal       = "Rev. Mod. Phys.",
    volume        = "75",
    pages         = "715--775",
    year          = "2003",
    eprint        = "quant-ph/0105127",
    archivePrefix = "arXiv",
    primaryClass  = "quant-ph"
}

@book{JoosZehDecoherenceBook,
    author    = "Joos, Erich and Zeh, H. Dieter and Kiefer, Claus and Giulini, Domenico J. W. and Kupsch, Joachim and Stamatescu, Ion-Olimpiu",
    title     = "{Decoherence and the Appearance of a Classical World in Quantum Theory}",
    publisher = "Springer",
    year      = "2003",
    edition   = "2nd",
    doi       = "10.1007/b13268",
    isbn      = "978-3-540-00390-8"
}

@book{KieferQuantumGravityBook,
    author    = "Kiefer, Claus",
    title     = "{Quantum Gravity}",
    edition   = "3rd",
    publisher = "Oxford University Press",
    year      = "2012",
    series    = "International Series of Monographs on Physics",
    volume    = "155",
    isbn      = "978-0-19-958520-5",
    doi       = "10.1093/acprof:oso/9780199585205.001.0001"
}

@article{ZurekPointerBasis,
    author  = "Zurek, W. H.",
    title   = "{Pointer basis of quantum apparatus: Into what mixture does the wave packet collapse?}",
    doi     = "10.1103/PhysRevD.24.1516",
    journal = "Phys. Rev. D",
    volume  = "24",
    pages   = "1516--1525",
    year    = "1981"
}

@article{Kiefer:2008sw,
    author        = "Kiefer, Claus and Polarski, David",
    title         = "{Why do cosmological perturbations look classical to us?}",
    eprint        = "0810.0087",
    archivePrefix = "arXiv",
    primaryClass  = "astro-ph",
    doi           = "10.1166/asl.2009.1024",
    journal       = "Adv. Sci. Lett.",
    volume        = "2",
    pages         = "164--173",
    year          = "2009"
}

@article{Guth:1980zm,
    author  = "Guth, Alan H.",
    title   = "{The Inflationary Universe: A Possible Solution to the Horizon and Flatness Problems}",
    doi     = "10.1103/PhysRevD.23.347",
    journal = "Phys. Rev. D",
    volume  = "23",
    pages   = "347--356",
    year    = "1981"
}

@article{Linde:1981mu,
    author  = "Linde, Andrei D.",
    title   = "{A New Inflationary Universe Scenario: A Possible Solution of the Horizon, Flatness, Homogeneity, Isotropy and Primordial Monopole Problems}",
    doi     = "10.1016/0370-2693(82)91219-9",
    journal = "Phys. Lett. B",
    volume  = "108",
    pages   = "389--393",
    year    = "1982"
}

@article{Albrecht:1982wi,
    author  = "Albrecht, Andreas and Steinhardt, Paul J.",
    title   = "{Cosmology for Grand Unified Theories with Radiatively Induced Symmetry Breaking}",
    doi     = "10.1103/PhysRevLett.48.1220",
    journal = "Phys. Rev. Lett.",
    volume  = "48",
    pages   = "1220--1223",
    year    = "1982"
}

@article{Starobinsky1980,
    author  = "Starobinsky, Alexei A.",
    title   = "{A New Type of Isotropic Cosmological Models Without Singularity}",
    journal = "Phys. Lett. B",
    volume  = "91",
    pages   = "99--102",
    year    = "1980",
    doi     = "10.1016/0370-2693(80)90670-X"
}

@article{Maldacena2003NonGaussian,
    author        = "Maldacena, Juan Martin",
    title         = "{Non-Gaussian features of primordial fluctuations in single field inflationary models}",
    journal       = "JHEP",
    volume        = "05",
    pages         = "013",
    year          = "2003",
    doi           = "10.1088/1126-6708/2003/05/013",
    eprint        = "astro-ph/0210603",
    archivePrefix = "arXiv",
    primaryClass  = "astro-ph"
}

@article{Aschieri2022,
    author        = "Aschieri, Paolo and Castellani, Leonardo",
    title         = "{Noncommutative inflation and {CMB} anisotropies}",
    journal       = "Phys. Rev. D",
    volume        = "106",
    number        = "12",
    pages         = "123527",
    year          = "2022",
    month         = "dec",
    doi           = "10.1103/PhysRevD.106.123527",
    eprint        = "2207.10730",
    archivePrefix = "arXiv",
    primaryClass  = "hep-th"
}

@article{Planck2018Inflation,
    author        = "Akrami, Y. and others",
    collaboration = "Planck",
    title         = "{{{Planck} 2018 results. X. Constraints on inflation}}",
    journal       = "Astron. Astrophys.",
    volume        = "641",
    pages         = "A10",
    year          = "2020",
    doi           = "10.1051/0004-6361/201833887",
    eprint        = "1807.06211",
    archivePrefix = "arXiv",
    primaryClass  = "astro-ph.CO"
}

@article{Planck2018NonGaussianity,
    author        = "Akrami, Y. and others",
    collaboration = "Planck",
    title         = "{{{Planck} 2018 results. {IX}. Constraints on primordial non-Gaussianity}}",
    journal       = "Astron. Astrophys.",
    volume        = "641",
    pages         = "A9",
    year          = "2020",
    doi           = "10.1051/0004-6361/201935891",
    eprint        = "1905.05697",
    archivePrefix = "arXiv",
    primaryClass  = "astro-ph.CO"
}

@article{BICEP:2021xfz,
    author        = "Ade, P. A. R. and others",
    collaboration = "BICEP/Keck",
    title         = "{Improved Constraints on Primordial Gravitational Waves using Planck, WMAP, and BICEP/Keck Observations through the 2018 Observing Season}",
    doi           = "10.1103/PhysRevLett.127.151301",
    journal       = "Phys. Rev. Lett.",
    volume        = "127",
    number        = "15",
    pages         = "151301",
    year          = "2021",
    eprint        = "2110.00483",
    archivePrefix = "arXiv",
    primaryClass  = "astro-ph.CO"
}

@inproceedings{ProblemOfTimeRef,
    author        = "Isham, Chris J.",
    title         = "{Canonical {Quantum} {Gravity} and the {Problem} of {Time}}",
    booktitle     = "{Integrable Systems, Quantum Groups, and Quantum Field Theories}",
    editor        = "Ibort, L. A. and Rodr{\'\i}guez, M. A.",
    publisher     = "Springer Netherlands",
    address       = "Dordrecht",
    pages         = "157--287",
    year          = "1993",
    doi           = "10.1007/978-94-011-1980-1_5",
    eprint        = "gr-qc/9210011",
    archivePrefix = "arXiv",
    primaryClass  = "gr-qc"
}

@article{Viel:2013fqw,
    author        = "Viel, Matteo and Becker, George D. and Bolton, James S. and Haehnelt, Martin G.",
    title         = "{Warm dark matter as a solution to the small scale crisis: new constraints from high redshift Lyman-alpha forest data}",
    doi           = "10.1103/PhysRevD.88.043502",
    journal       = "Phys. Rev. D",
    volume        = "88",
    pages         = "043502",
    year          = "2013",
    eprint        = "1306.2314",
    archivePrefix = "arXiv",
    primaryClass  = "astro-ph.CO"
}

@article{PerezGarcia2024,
    author        = "Perez-Garcia, M. A. and Grau, J. P.",
    title         = "{Noncommutative field theories and dark matter models}",
    journal       = "Phys. Rev. D",
    volume        = "110",
    number        = "10",
    pages         = "103504",
    year          = "2024",
    month         = "nov",
    doi           = "10.1103/PhysRevD.110.103504",
    eprint        = "2405.18225",
    archivePrefix = "arXiv",
    primaryClass  = "hep-ph"
}

@article{Hooper2017_HAWC,
    author        = "Hooper, Dan and Cholis, Ilias and Linden, Tim and Fang, Ke",
    title         = "{{HAWC} Observations Strongly Favor {Pulsar} Interpretations of the {Cosmic}-{Ray} {Positron} Excess}",
    journal       = "Phys. Rev. D",
    volume        = "96",
    number        = "10",
    pages         = "103013",
    year          = "2017",
    doi           = "10.1103/PhysRevD.96.103013",
    eprint        = "1702.08436",
    archivePrefix = "arXiv",
    primaryClass  = "astro-ph.HE"
}

@article{CarrHawking1974PBH,
    author  = "Carr, B. J. and Hawking, S. W.",
    title   = "{Black holes in the early Universe}",
    journal = "Mon. Not. Roy. Astron. Soc.",
    volume  = "168",
    pages   = "399--415",
    year    = "1974",
    doi     = "10.1093/mnras/168.2.399"
}

@article{Carr:2020gox,
    author        = "Carr, Bernard and Kohri, Kazunori and Sendouda, Yuichiro and Yokoyama, Jun'ichi",
    title         = "{Constraints on {Primordial} {Black} {Holes}}",
    eprint        = "2002.12778",
    archivePrefix = "arXiv",
    primaryClass  = "astro-ph.CO",
    doi           = "10.1088/1361-6633/abf101",
    journal       = "Rept. Prog. Phys.",
    volume        = "84",
    number        = "11",
    pages         = "116902",
    year          = "2021"
}

@misc{LISA:2017,
    author        = "Amaro-Seoane, Pau and others",
    collaboration = "{LISA Collaboration}",
    title         = "{Laser Interferometer Space Antenna}",
    eprint        = "1702.00786",
    archivePrefix = "arXiv",
    primaryClass  = "astro-ph.IM",
    year          = "2017",
    month         = "jan",
    howpublished  = "\url{https://arxiv.org/abs/1702.00786}",
    note          = "LISA Mission Proposal Document"
}

@article{Auclair2023LISA,
    author        = "Auclair, Pierre and others",
    collaboration = "{LISA Cosmology Working Group}",
    title         = "{Cosmology with the Laser Interferometer Space Antenna}",
    journal       = "Living Rev. Relativ.",
    volume        = "26",
    number        = "1",
    pages         = "5",
    year          = "2023",
    doi           = "10.1007/s41114-023-00045-y",
    eprint        = "2204.05434",
    archivePrefix = "arXiv",
    primaryClass  = "astro-ph.CO"
}

@article{NANOGrav:2023gor,
    author        = "Agazie, Gabriella and others",
    collaboration = "NANOGrav",
    title         = "{The NANOGrav 15 yr Data Set: Evidence for a Gravitational-wave Background}",
    doi           = "10.3847/2041-8213/acdac6",
    journal       = "Astrophys. J. Lett.",
    volume        = "951",
    number        = "1",
    pages         = "L8",
    year          = "2023",
    eprint        = "2306.16213",
    archivePrefix = "arXiv",
    primaryClass  = "astro-ph.HE"
}

@article{HAWC_HESS_LIV,
    author        = "Albert, A. and others",
    collaboration = "HAWC",
    title         = "{Constraints on {Lorentz} Invariance Violation from {HAWC} Observations of Gamma Rays above 100 {TeV}}",
    journal       = "Phys. Rev. Lett.",
    volume        = "124",
    number        = "13",
    pages         = "131101",
    year          = "2020",
    doi           = "10.1103/PhysRevLett.124.131101",
    eprint        = "1910.11352",
    archivePrefix = "arXiv",
    primaryClass  = "astro-ph.HE"
}

@article{FermiLAT_GRB090510_LIV,
    author        = "{A. A. Abdo and others}",
    collaboration = "{Fermi-LAT Collaboration and Fermi GBM Collaboration}",
    title         = "{A limit on the variation of the speed of light arising from quantum gravity effects}",
    journal       = "Nature",
    volume        = "462",
    pages         = "331--334",
    year          = "2009",
    doi           = "10.1038/nature08574",
    eprint        = "0908.1832",
    archivePrefix = "arXiv",
    primaryClass  = "astro-ph.HE"
}

@article{PierreAuger:2021tog,
    author        = "Aab, A. and others",
    collaboration = "Pierre Auger",
    title         = "{Search for Lorentz Invariance Violation in the Dispersion Relation of Ultra-High-Energy Cosmic Rays Detected at the Pierre Auger Observatory}",
    doi           = "10.1007/JHEP01(2023)066",
    journal       = "JHEP",
    volume        = "01",
    pages         = "066",
    year          = "2023",
    eprint        = "2112.10200",
    archivePrefix = "arXiv",
    primaryClass  = "astro-ph.HE"
}

@misc{EuclidCollaboration,
    author        = "{Euclid Collaboration}",
    collaboration = "Euclid Collaboration",
    title         = "{{Euclid}: Early Release Observations -- an overview}",
    journal       = "Astron. Astrophys.",
    volume        = "687",
    pages         = "A100",
    year          = "2024",
    doi           = "10.1051/0004-6361/202450481",
    eprint        = "2405.16001",
    archivePrefix = "arXiv",
    primaryClass  = "astro-ph.CO"
}

@article{BFSS1997,
    author        = "Banks, Tom and Fischler, Willy and Shenker, Stephen H. and Susskind, Leonard",
    title         = "{{M} Theory as a Matrix Model: A Conjecture}",
    journal       = "Phys. Rev. D",
    volume        = "55",
    pages         = "5112--5128",
    year          = "1997",
    doi           = "10.1103/PhysRevD.55.5112",
    eprint        = "hep-th/9610043",
    archivePrefix = "arXiv",
    primaryClass  = "hep-th"
}

@article{IKKT1997,
    author        = "Ishibashi, Nobuyuki and Kawai, Hikaru and Kitazawa, Yoshihisa and Tsuchiya, Asato",
    title         = "{A {Large-N} Reduced Model as {Superstring}}",
    journal       = "Nucl. Phys. B",
    volume        = "498",
    pages         = "467--491",
    year          = "1997",
    doi           = "10.1016/S0550-3213(97)00290-3",
    eprint        = "hep-th/9612115",
    archivePrefix = "arXiv",
    primaryClass  = "hep-th"
}

@article{Ashtekar:2006wn,
    author        = "Ashtekar, Abhay and Pawlowski, Tomasz and Singh, Parampreet",
    title         = "{Quantum Nature of the Big Bang: Improved dynamics}",
    eprint        = "gr-qc/0607039",
    archivePrefix = "arXiv",
    primaryClass  = "gr-qc",
    doi           = "10.1103/PhysRevD.74.084003",
    journal       = "Phys. Rev. D",
    volume        = "74",
    pages         = "084003",
    year          = "2006"
}

@article{Bonanno:2017pkg,
    author        = "Bonanno, Alfio and Koch, Benjamin and Platania, Alessia",
    title         = "{Resolution of the Black Hole Singularity in Asymptotically Safe Quantum Gravity}",
    doi           = "10.3390/universe3030056",
    journal       = "Universe",
    volume        = "3",
    number        = "3",
    pages         = "56",
    year          = "2017",
    eprint        = "1707.05811",
    archivePrefix = "arXiv",
    primaryClass  = "gr-qc"
}

@article{Ambjorn:2005qt,
    author        = "Ambjorn, Jan and Jurkiewicz, Jerzy and Loll, Renate",
    title         = "{Reconstructing the universe}",
    eprint        = "hep-th/0505154",
    archivePrefix = "arXiv",
    primaryClass  = "hep-th",
    doi           = "10.1103/PhysRevD.72.064014",
    journal       = "Phys. Rev. D",
    volume        = "72",
    pages         = "064014",
    year          = "2005"
}

@article{Eichhorn:2018yfc,
    author        = "Eichhorn, Astrid",
    title         = "{An asymptotically safe guide to quantum gravity and matter}",
    doi           = "10.3389/fspas.2018.00047",
    journal       = "Front. Astron. Space Sci.",
    volume        = "5",
    pages         = "47",
    year          = "2019",
    eprint        = "1810.07615",
    archivePrefix = "arXiv",
    primaryClass  = "hep-th"
}

@article{Bousso:2000xa,
    author        = "Bousso, Raphael and Polchinski, Joseph",
    title         = "{Quantization of four form fluxes and dynamical neutralization of the cosmological constant}",
    eprint        = "hep-th/0004134",
    archivePrefix = "arXiv",
    primaryClass  = "hep-th",
    doi           = "10.1088/1126-6708/2000/06/006",
    journal       = "JHEP",
    volume        = "06",
    pages         = "006",
    year          = "2000"
}

@article{Ashtekar:2009mb,
    author        = "Ashtekar, Abhay and Singh, Parampreet",
    title         = "{Loop Quantum Cosmology: A Status Report}",
    eprint        = "1108.0893",
    archivePrefix = "arXiv",
    primaryClass  = "gr-qc",
    doi           = "10.1088/0264-9381/28/21/213001",
    journal       = "Class. Quant. Grav.",
    volume        = "28",
    pages         = "213001",
    year          = "2011"
}

@article{Bonanno:2001xi,
    author        = "Bonanno, Alfio and Reuter, Martin",
    title         = "{Cosmology of the Planck era from a renormalization group for quantum gravity}",
    eprint        = "hep-th/0106072",
    archivePrefix = "arXiv",
    primaryClass  = "hep-th",
    doi           = "10.1103/PhysRevD.65.043508",
    journal       = "Phys. Rev. D",
    volume        = "65",
    pages         = "043508",
    year          = "2002"
}

@article{Ambjorn:2008wc,
    author        = "Ambjorn, J. and Gorlich, A. and Jurkiewicz, J. and Loll, R.",
    title         = "{The Nonperturbative Quantum Gravity Phase Diagram}",
    eprint        = "0807.4481",
    archivePrefix = "arXiv",
    primaryClass  = "hep-th",
    doi           = "10.1088/1126-6708/2008/09/043",
    journal       = "JHEP",
    volume        = "09",
    pages         = "043",
    year          = "2008"
}

@article{Barrau:2017tcd,
    author        = "Barrau, Aurelien and Martineau, Killian and Moulin, Flora",
    title         = "{A status report on the phenomenology of black holes in loop quantum gravity: Evaporation, ripples, and standard model}",
    doi           = "10.3390/universe4010010",
    journal       = "Universe",
    volume        = "4",
    number        = "1",
    pages         = "10",
    year          = "2018",
    eprint        = "1711.04661",
    archivePrefix = "arXiv",
    primaryClass  = "gr-qc"
}

@article{Ambjorn:2005db,
    author        = "Ambjorn, J. and Jurkiewicz, J. and Loll, R.",
    title         = "{Spectral dimension of the universe}",
    eprint        = "hep-th/0505113",
    archivePrefix = "arXiv",
    primaryClass  = "hep-th",
    doi           = "10.1103/PhysRevLett.95.171301",
    journal       = "Phys. Rev. Lett.",
    volume        = "95",
    pages         = "171301",
    year          = "2005"
}

@book{RovelliLQG,
    author = "Rovelli, Carlo",
    title  = "{Quantum Gravity}",
    publisher = "Cambridge University Press",
    year   = "2004",
    doi    = "10.1017/CBO9780511755804",
    isbn   = "978-0-521-83733-0"
}

@article{Reuter:2012id,
    author        = "Reuter, Martin and Saueressig, Frank",
    title         = "{Quantum Einstein Gravity}",
    eprint        = "1202.2274",
    archivePrefix = "arXiv",
    primaryClass  = "hep-th",
    doi           = "10.1088/1367-2630/14/5/055022",
    journal       = "New J. Phys.",
    volume        = "14",
    pages         = "055022",
    year          = "2012"
}

@article{Loll:2019rdj,
    author        = "Loll, Renate",
    title         = "{Quantum Gravity from Causal Dynamical Triangulations: A Review}",
    eprint        = "1905.08669",
    archivePrefix = "arXiv",
    primaryClass  = "hep-th",
    doi           = "10.1088/1361-6382/ab2f24",
    journal       = "Class. Quant. Grav.",
    volume        = "37",
    number        = "1",
    pages         = "013002",
    year          = "2020"
}

@article{LVK:GWTC3,
    author = "Abbott, R. and others",
    collaboration = "LIGO Scientific, Virgo, KAGRA",
    title = "{GWTC-3: Compact Binary Coalescences Observed by LIGO and Virgo During the Second Part of the Third Observing Run}",
    eprint = "2111.03606",
    archivePrefix = "arXiv",
    primaryClass = "gr-qc",
    doi = "10.1103/PhysRevX.13.041039",
    journal = "Phys. Rev. X",
    volume = "13",
    number = "4",
    pages = "041039",
    year = "2023"
}

@article{EHT:SgrA_PaperI,
    author = "Akiyama, Kazunori and others",
    collaboration = "Event Horizon Telescope",
    title = "{First Sagittarius A* Event Horizon Telescope Results. I. The Shadow of the Supermassive Black Hole in the Center of the Milky Way}",
    doi = "10.3847/2041-8213/ac6674",
    journal = "Astrophys. J. Lett.",
    volume = "930",
    number = "2",
    pages = "L12",
    year = "2022",
    eprint = "2205.07661",
    archivePrefix = "arXiv",
    primaryClass = "astro-ph.GA"
}

@article{DESI:2024mwx,
    author = "Adame, Karla and others",
    collaboration = "DESI",
    title = "{DESI 2024 Results: Cosmological Constraints from the Measurements of Baryon Acoustic Oscillations}",
    eprint = "2404.03000",
    archivePrefix = "arXiv",
    primaryClass = "astro-ph.CO",
    month = "4",
    year = "2024",
    note = "{arXiv preprint arXiv:2404.03000}"
}